5292 6392
176 3033 191 3104 i

830 982 1458 1150 nuntio,
1700 1079 1767 1188 29

525 1318 706 1418 debent
755 1313 808 1418 o
853 1317 1080 1440 misceri,
1149 1318 1291 1422 facete
1338 1321 1436 1448 jam
1478 1253 1768 1456 ineuntes,¹

525 1482 642 1584 AA.
678 1481 824 1605 HH„
870 1481 969 1584 five
1003 1485 1133 1585 enim
1167 1486 1361 1588 Diversi
1402 1490 1557 1591 Sexus
1596 1494 1768 1592 Flotes

525 1649 580 1748 in
609 1649 776 1748 eodem
811 1647 1040 1772 floreant,
1076 1652 1174 1754 five
1211 1655 1264 1752 in
1303 1653 1393 1752 alia
1424 1656 1575 1782 paulo
1591 1659 1594 1664 ’
1612 1685 1769 1757 remo

526 1815 657 1914 tiore
688 1815 885 1938 Plauto,
908 1847 1023 1918 reo
1058 1821 1234 1920 eodem
1264 1820 1421 1940 redit,
1471 1821 1607 1920 idem
1638 1813 1770 1920 etum

528 1979 610 2076 ille
662 1979 893 2100 Ventus,
965 1985 1133 2080 eadem
1183 1984 1262 2079 illo
1306 1983 1488 2080 Infecta
1529 2013 1669 2111 aeque
1713 1976 1774 2082 ad

526 2143 828 2265 Plantorum,
862 2144 1034 2272 parum
1063 2147 1189 2245 inter
1183 2134 1258 2244 se
1285 2145 1586 2266 distantium,
1622 2175 1769 2273 quant

525 2313 587 2411 od
630 2289 845 2436 ejusdem
890 2312 1070 2412 Plentae
1108 2310 1256 2411 flores
1295 2308 1586 2411 foecundum
1624 2319 1771 2414 teano·

522 2475 648 2577 ferre
682 2475 879 2605 poffunt
912 2479 1183 2604 pulverem.

590 2619 702 2741 seo
715 2671 835 2743 vero
859 2643 1137 2743 -Plantarum
1166 2641 1527 2742 foecundationi
1547 2644 1771 2746 Homun

526 2801 650 2901 culis
708 2805 850 2898 nobis
900 2800 1107 2924 pronius-
1156 2802 1317 2894 obesse
1366 2804 1614 2898 viderettu
1664 2837 1766 2904 mo·

518 2968 617 3066 eius
658 2963 752 3063 ille·
780 2961 1097 3082 admirabilis,
1168 2989 1271 3088 quo
1314 2960 1594 3092 Jattophae‚
1664 2995 1768 3093 quo

518 3129 681 3231 Musae
722 3129 867 3230 flores
903 3123 1288 3257 proveniunt&
1328 3150 1537 3254 percunt
1577 3131 1768 3234 iterum.

524 3298 761 3422 Utraque·
798 3296 933 3394 enim·
974 3275 1141 3394 Planta
1188 3294 1428 3393 masculos
1470 3296 1670 3420 quidem
1715 3295 1770 3400 &

522 3462 781 3562 foemineos
820 3458 903 3561 sed
947 3459 1135 3562 diverso
1172 3461 1255 3558 aiit
1293 3479 1549 3588 tempore,
1619 3482 1765 3586 atque

522 3628 640 3727 hinc
672 3627 938 3746 Foeminei,
985 3653 1100 3725 cum
1128 3653 1232 3727 non
1266 3647 1452 3725 tontum
1482 3624 1629 3752 primi
1653 3649 1765 3750 pro·

524 3793 703 3910 deunt,
748 3793 829 3913 sed
862 3817 951 3916 per
983 3818 1176 3916 paucos·
1213 3813 1399 3889 tannim
1435 3791 1538 3888 dies
1569 3789 1765 3917 vigent,
1905 3859 1910 3868 .

520 3965 615 4082 jam
661 3955 895 4055 emarcidi
928 3953 1208 4081 prorsusne
1246 3953 1566 4079 conceptioni
1607 3954 1762 4078 inepti

525 4123 657 4243 sunt,
693 4121 891 4247 quondo
928 4119 1269 4246 subsequentes
1299 4118 1525 4218 Masculi·
1539 4118 1630 4217 illis
1655 4118 1763 4245 polL

523 4288 621 4384 line
672 4289 775 4386 suo
820 4283 1183 4385 foecunditatem
1240 4287 1501 4412 inportare
1553 4284 1759 4412 puffent

526 4450 664 4658 Quo
686 4453 836 4552 modo
879 4450 1051 4579 igitur,
1117 4449 1225 4572 jure
1281 4449 1457 4551 metito
1501 4450 1766 4580 rogabitis,

1063 4615 1180 4738 D3
1638 4612 1761 4712 An
1930 4611 1937 4628 '
