5292 6392
827 1006 1451 1122 0”RAT10.
1692 1051 1750 1120 21

522 1293 645 1421 ginae
687 1287 738 1392 &
777 1291 887 1390 Oris
921 1291 1045 1390 uteri
1082 1295 1267 1392 extemi
1308 1323 1509 1395 munere
1550 1295 1760 1423 fungun-

383 1489 390 1498 ’
523 1479 628 1575 tur;
664 1455 836 1554 Pollen
869 1457 997 1555 adest
1029 1455 1311 1578 foetificum,
1357 1463 1495 1584 quod
1527 1461 1618 1558 usu
1647 1486 1761 1558 cum
1824 1465 1828 1472 '

527 1621 720 1721 Semine
754 1622 944 1720 animali
981 1625 1312 1742 conveniens,
1364 1619 1416 1756 &
1456 1622 1542 1721 suo
1575 1644 1761 1749 tempo·

525 1817 578 1887 re
612 1787 826 1886 eniiffum
858 1787 1077 1914 genitalia
1108 1786 1383 1908 foeminina,
1419 1788 1656 1916 stigmatis
1680 1787 1765 1886 sci·

524 1955 639 2050 licet
678 1953 845 2052 oscula
874 1951 1197 2064 dehiscentia,
1249 1951 1406 2067 subit,
1453 1951 1644 2076 suaque
1682 1954 1764 2052 Se·

528 2115 692 2214 minali
731 2140 845 2212 aura
892 2110 1062 2210 Sterile
1105 2110 1284 2236 perse
1327 2139 1524 2239 germen
1564 2116 1628 2212 ita
1676 2116 1765 2212 foc·

530 2281 736 2398 eunden,
783 2297 869 2398 ut,
905 2273 1026 2376 facia
1062 2274 1389 2402 conceptione
1432 2276 1617 2376 fructus
1650 2281 1766 2379 inde

529 2443 582 2548 &
620 2443 798 2546 semina
835 2439 1158 2568 proveniant,
1194 2465 1305 2575 quae
1344 2459 1481 2539 terrae
1524 2443 1767 2541 commiffa

528 2609 599 2708 sui
651 2606 822 2706 fimiles
876 2601 928 2736 δι
984 2602 1236 2702 foecundas
1286 2603 1462 2703 iterum
1507 2627 1767 2734 procreant

528 2774 733 2868 Plantas.
779 2873 804 2916 .
825 2769 965 2858 Dum
1000 2787 1200 2873 contra,
1246 2765 1282 2855 's1
1322 2771 1594 2861 castraveris
1630 2773 1767 2866 Plan.

530 2955 653 3050 tam,
699 2923 1034 3041 fiAntheraS,
1078 2919 1249 3047 pollen
1284 2922 1424 3022 suum
1456 2927 1617 3027 adhuc
1649 2959 1765 3034 con·
1820 3039 1825 3050 ,

530 3099 737 3198 tinentes
774 3090 1093 3220 foecundum,
1143 3085 1429 3222 resecueris,
1475 3089 1652 3191 semina
1684 3097 1764 3195 vel

529 3262 713 3361 frucius
753 3257 868 3354 inde
904 3250 1204 3380 proveniunt
1244 3253 1404 3373 nulla,
1440 3257 1547 3376 vel,
1583 3259 1619 3356 fi
1653 3288 1766 3385 pro·

529 3424 754 3525 venerint
781 3419 1051 3536 interdum,
1086 3415 1279 3544 prorsus
1312 3419 1507 3542 sterilia,
1542 3426 1767 3551 adeoque

530 3591 802 3688 Plantarum
838 3580 1174 3710 propagationi
1208 3583 1386 3712 inepta.
1470 3587 1537 3684 Et
1576 3589 1628 3684 in
1672 3590 1766 3687 hac

529 3755 728 3881 quidem
763 3751 909 3876 plane
944 3744 1164 3871 smgulan'
1207 3751 1545 3875 conceptionis
1588 3753 1763 3851 machi·

398 4003 399 4008 Ν
526 3919 723 4016 natione
759 3912 873 4010 inde
905 3907 1114 4035 primum
1154 3909 1314 4042 elucet
1351 3911 1593 4036 Sapientia
1623 3917 1760 4017 Divi-

457 4157 463 4166 ,
525 4109 588 4178 na
629 4077 684 4190 ὅτ,
720 4073 962 4192 PotestaS‚
996 4075 1135 4198 quod
1170 4073 1222 4170 in
1256 4077 1543 4201 corporibus
1575 4102 1760 4180 tantum

527 4273 554 4340 a
591 4244 637 4340 se
678 4241 887 4342 invicem
920 4237 1140 4358 diverfis,
1176 4261 1412 4365 quantum
1442 4243 1611 4342 distant
1639 4246 1761 4344 Ani·
1809 4245 1830 4260 “
1915 4351 1921 4360 ,

529 4407 666 4530 malin
705 4438 733 4505 a
764 4405 1031 4532 Sthpibus,
1077 4425 1238 4501 tamen
1272 4403 1553 4534 fingularem
1595 4437 1759 4535 quam-

1090 4565 1202 4690 C3
1433 4577 1437 4582 ’
1611 4565 1756 4670 'dam
