5292 6392
175 1339 203 1388 s
286 1309 292 1318 .

837 995 1502 1126 ORATIO(
1710 1043 1768 1140 17

540 1294 733 1396 Semina
777 1291 1124 1419 proferunt&
1170 1293 1454 1392 moriuntur.
1539 1293 1666 1393 Aliae
1701 1291 1771 1388 in-

536 1479 609 1555 tra
654 1455 915 1554 Biennium
956 1461 1151 1557 demum
1191 1459 1251 1555 ad
1292 1458 1605 1582 perfeetionis
1648 1455 1770 1554 illud
1862 1482 1867 1494 ’

539 1622 732 1720 culmen
759 1597 1126 1748 provehuntur,
1163 1619 1215 1725 &
1247 1649 1364 1720 mox
1392 1621 1539 1719 fimile
1563 1617 1768 1719 subeunt

533 1784 697 1884 fatum.
767 1786 894 1886 Aliae
924 1787 1097 1885 iterum
1120 1813 1211 1914 per
1235 1784 1405 1884 Plures
1437 1785 1614 1884 Annos
1644 1812 1767 1884 cres-

534 1969 683 2067 cunt,
732 1948 932 2046 floribus
968 1950 1228 2071 fruetuque
1261 1949 1523 2063 destitutae,
1569 1950 1767 2072 quando

533 2095 665 2214 verox
700 2111 894 2208 tandem
940 2107 1200 2234 aliquando
1237 2107 1359 2205 illud
1402 2109 1640 2236 attingunt
1682 2112 1769 2208 sta·
1840 2085 1846 2092 ¹

532 2279 696 2396 dium,
742 2303 845 2400 quo
881 2270 1028 2372 flores
1058 2271 1300 2394 emittant,
1337 2257 1514 2374 eedem
1553 2276 1765 2374 moriun-

531 2465 609 2540 tur
642 2469 801 2558 anm,
837 2435 972 2536 ficuti
1007 2436 1059 2531 in
1092 2437 1225 2534 Aloe
1260 2436 1582 2557 Americana,
1616 2437 1765 2536 Lava·

439 2637 441 2642 ·
531 2629 644 2706 terae
677 2603 878 2730 Specie,
925 2598 1093 2720 Musa,
1142 2599 1400 2728 Coryphe,
1444 2602 1644 2728 aliisque
1680 2605 1766 2702 ob-

529 2769 767 2864 servamus
810 2764 1003 2857 Plantis.
1086 2765 1213 2854 Aliae
1254 2768 1448 2854 tandem
1492 2795 1583 2880 per
1622 2768 1762 2884 plura

528 2925 698 3026 saecula
739 2889 1055 3047 perennant}
1073 2911 1125 3018 δι
1163 2915 1321 3015 forsan
1361 2945 1494 3038 non,
1528 2919 1615 3017 nist
1637 2951 1760 3020 mor-

365 3163 368 3168 -
526 3095 593 3192 bo
626 3109 886 3216 correpte,
922 3085 1178 3194 intereunt.
1259 3082 1316 3180 In
1346 3085 1570 3184 omnibus
1598 3109 1759 3187 autem

524 3255 601 3355 his
643 3273 772 3360 tanta
807 3251 1044 3378 detegitur
1081 3243 1375 3368 constantia,
1422 3245 1671 3379 &legum
1706 3253 1758 3353 in

523 3419 676 3549 prima
711 3415 862 3514 statim
899 3411 1153 3514 effectione
1185 3415 1545 3540 proculdubio
1578 3416 1756 3515 innata-

521 3613 630 3684 rum
685 3567 1022 3699 observantia,
1089 3599 1146 3676 ut
1197 3578 1449 3680 definitum
1498 3579 1625 3678 Vitae
1671 3583 1752 3679 vel
1911 3650 1917 3660 -
1988 3629 1992 3638 ·

521 3748 698 3848 Morsss
730 3743 987 3842 terminum
1024 3745 1158 3841 nulla
1194 3763 1293 3841 arte
1327 3762 1560 3869 queamus
1589 3744 1753 3872 migra·

520 3941 587 4036 re.
656 3910 825 4033 Atque
861 3907 984 4001 adeo
1016 3931 1122 4001 non
1162 3907 1221 4002 ab
1253 3905 1502 4003 arbitrariis
1535 3907 1749 4028 Cauffis,

382 4109 386 4114 ’
521 4059 801 4199 multoque‘
816 4070 975 4176 minus
1003 4096 1031 4164 a
1062 4067 1306 4190 fatalibu8‚
1352 4098 1524 4170 vetum
1554 4075 1614 4172 ab
1649 4103 1749 4174 om·

521 4241 773 4366 nipotente
807 4231 857 4335 &
898 4231 1244 4360 Sapientiffnno
1279 4235 1532 4358 Numine,
1585 4267 1748 4369 eoque

520 4406 650 4524 s010‚
688 4402 908 4526 ¹pendere
941 4399 1049 4500 haec
1079 4397 1267 4520 omnia,
1315 4399 1481 4502 Nemo
1518 4403 1619 4527 est,
1660 4407 1746 4531 qui
1892 4427 1908 4449 =
2002 4545 2008 4556 Ι

1128 4565 1173 4664 C
1204 4601 1208 4610 ·
1643 4593 1771 4667 non·
