5292 6392
889 1016 953 1110 24
1014 977 1434 1082 ALEXANDRI
1465 978 1679 1082 PETRI
1711 977 2002 1084 NAHUYS

887 1285 949 1355 na
978 1256 1043 1353 ita
1071 1251 1294 1380 disposita
1323 1251 1440 1371 sint,
1476 1271 1532 1351 ut
1560 1253 1620 1350 ab
1649 1252 1783 1350 omni
1810 1272 1946 1378 parte
1975 1247 2122 1346 Pistil-

890 1424 1020 1540 lum,
1057 1447 1254 1518 coronae
1281 1420 1342 1516 ad
1359 1417 1527 1537 instar,
1564 1417 1797 1537 ambiant,
1833 1448 1944 1544 quae
1969 1449 2124 1546 quum

887 1587 939 1682 in
972 1585 1117 1711 longe
1149 1582 1368 1708 plurimis
1401 1578 1716 1682 observentur
1744 1583 2017 1682 Plantarum
2036 1587 2078 1684 F
2079 1617 2123 1683 a·

887 1749 1055 1868 mitiis,
1090 1747 1232 1856 nobis
1262 1744 1399 1842 sunul
1429 1745 1836 1866 commonstrant,
1872 1777 1986 1848 eum
2009 1780 2121 1876 pro-

888 1913 1081 2012 creandi
1114 1912 1315 2006 modum
1349 1909 1527 2005 Plantis
1565 1910 1826 2006 admodum
1859 1915 1951 2010 effe
1992 1915 2122 2013 fami-

887 2079 1078 2193 liarem,
1116 2073 1203 2198 qui
1231 2071 1283 2166 in
1318 2071 1475 2171 bestiis
1511 2069 1763 2190 rariffimc,
1809 2073 1860 2169 in
1891 2075 2123 2180 Humano

887 2265 1048 2342 autem
1076 2263 1252 2361 genere
1288 2264 1541 2362 nunquam
1574 2234 1877 2358 observatur,
1913 2239 1967 2340 ut
1992 2273 2124 2344 nem·

888 2433 953 2530 pe
985 2427 1142 2498 unum
1173 2397 1402 2522 idemque
1436 2427 1647 2521 corpus,
1683 2403 1936 2528 utriusque
1969 2409 2123 2509 Sexus

889 2566 957 2662 Vi
989 2561 1041 2666 δι
1074 2559 1376 2660 Genitalibus
1406 2559 1676 2680 munitum,
1712 2562 1797 2662 fibi
1828 2565 2024 2670 sufficiat
2056 2575 2126 2674 so·

892 2735 1032 2850 lum5
1106 2724 1257 2822 Gravi
1295 2725 1658 2842 proculdubio
1700 2721 1753 2820 δι
1785 2729 2029 2828 manifesta
2064 2739 2125 2835 de

893 2885 1057 3008 causa,
1093 2882 1231 3012 quod
1260 2881 1468 3001 Plantae,
1504 2911 1617 2981 cum
1644 2881 1853 2990 exse&
1882 2889 1962 2991 sua
1986 2897 2128 3024 spon-

773 3139 787 3168 .,
893 3082 941 3158 te
983 3057 1102 3153 loco
1151 3046 1339 3146 moveri
1383 3073 1488 3142 non
1525 3045 1730 3172 potunt,
1786 3079 1890 3152 non
1928 3065 2126 3186 possunt

896 3225 1072 3336 etiam,
1128 3213 1204 3332 uti,
1246 3208 1517 3328 Animalia,
1568 3213 1712 3313 adse
1750 3217 1962 3322 invicem
1997 3257 2130 3333 acce·

898 3389 1027 3484 dere.

903 3635 908 3644 .
964 3545 1180 3662 Verum,
1207 3541 1616 3668 quemadmodum
1638 3544 1781 3642 talem
1805 3551 2013 3675 partium
2033 3559 2131 3662 Ge.

898 3711 1116 3812 nitalium
1156 3706 1519 3834 dispositionem
1564 3711 1624 3808 ad
1664 3709 1853 3813 facilem
1877 3719 2132 3849 *stigmatis

900 3875 1278 4004 conceptionem
1312 3871 1550 4000 sapienter
1577 3895 1885 4004 temperatam
1915 3887 2008 3996 effe
2029 3892 2133 4016 qui-

901 4044 974 4144 vis
1007 4041 1147 4140 facile
1183 4040 1454 4159 concedet,
1490 4042 1554 4137 ita
1582 4043 1793 4141 summus
1827 4075 1989 4145 rerum
2021 4053 2134 4149 Mo·

903 4208 1121 4324 derum,
1156 4203 1243 4331 qui
1282 4201 1487 4330 imperio
1519 4201 1606 4300 suo
1639 4198 1692 4304 &
1724 4203 1974 4304 voluntate
2009 4211 2134 4315 Cau·

903 4369 971 4470 sas
1012 4395 1181 4466 omnes
1213 4369 1448 4494 gubernat
1483 4368 1755 4486 Secundas,
1798 4380 1946 4496 atque‘
1968 4374 2032 4476 ita
2067 4382 2136 4481 di·

1999 4542 2132 4670 tigit,
