5292 6392
729 997 1473 1112 'ORATIo
1708 1041 1774 1137 41

545 1281 614 1400 fi,
647 1279 768 1380 urbe
804 1280 990 1399 relicta,
1026 1308 1135 1378 tura
1167 1307 1475 1410 peragremus
1490 1356 1529 1403 ‚.
1553 1297 1779 1410 quacum-

528 1474 646 1572 que
682 1464 1028 1584 convertamus
1056 1447 1261 1564 oculos,
1295 1467 1474 1572 praeter
1497 1447 1686 1548 Plantas
1710 1450 1779 1548 vi-

476 1611 477 1615 ‘
541 1613 743 1711 deamus
791 1607 894 1708 fere
955 1610 1118 1729 nihi13
1212 1628 1392 1736 quanta
1440 1607 1513 1708 :est
1558 1585 1779 1734 bonnm,

424 1853 426 1858 .
546 1775 731 1874 Plantas
767 1801 873 1872 non
904 1774 1031 1895 alio,
1068 1801 1212 1900 quam
1234 1773 1417 1894 'viridi,
1448 1776 1673 1900 adeoque
1698 1775 1780 1873 tali

428 2003 432 2008 -
539 1942 709 2036 exonie
743 1938 863 2064 tingi
897 1942 1096 2055 colore,
1132 1939 1218 2061 qui
1249 1938 1420 2036 mediae
1453 1937 1775 2062 reftaffioni8‚
1869 1998 1873 2004 -

542 2122 599 2200 ut
640 2099 814 2200 dictmt
856 2099 1075 2227 Physici,
1139 2098 1519 2200 commodiffime
1560 2104 1778 2206 omnium

531 2265 713 2366 ,oculos
737 2264 937 2366 nostros
968 2263 1186 2366 officiat?
1220 2261 1395 2392 Qualia
1430 2265 1561 2387 enim
1594 2267 1778 2367 incom-

538 2433 695 2544 moda¹
724 2431 845 2532 visui
871 2430 1042 2569 nostro
1076 2429 1396 2548 inducerent,
1465 2426 1502 2524 fi
1538 2432 1778 2530 candente

536 2598 690 2725 magis
738 2599 907 2698 colore
952 2598 1132 2698 ocuios
1172 2593 1314 2695 nobis
1358 2590 1779 2721 praestringerem3

534 2759 720 2883 :Qualia
753 2781 924 2852 eontra
962 2754 1306 2872 impedimenta
1343 2757 1690 2869 importarent,
1740 2756 1777 2852 fi

544 2915 820 3019 obscuriore
859 2909 1024 3042 potius
1057 2907 1223 3008 colore
1254 2905 1451 3046 imbutae
1481 2908 1638 3012 aciem
1663 2941 1778 3012 oen

540 3083 702 3185 lorum
740 3078 992 3195 fallerent,
1037 3074 1194 3201 iisque
1231 3069 1461 3170 offerrent
1496 3074 1690 3176 dubiam
1725 3071 1778 3180 ὅ(

539 3277 711 3376 parum
756 3241 1049 3344 manifestam
1081 3237 1152 3338 sui
1191 3225 1476 3364 inta'ginem!
1513 3238 1777 3341 Maximam

540 3429 671 3511 cette
685 3539 689 3547 ⁸
705 3408 788 3508 hic
820 3389 1024 3534 suspicio
1065 3403 1273 3532 supremi
1305 3401 1534 3504 Numinis
1566 3405 1779 3534 benigni·
1851 3394 1855 3402 ’

526 3595 712 3694 tatem,
748 3571 832 3693 ἃ,
868 3569 1061 3696 quoties
1093 3595 1287 3668 mecum
1327 3585 1541 3694 reputo,
1588 3570 1778 3694 pulcer·

539 3739 657 3838 rima
695 3739 836 3836 Illum
871 3731 1108 3857 potentiae
1145 3733 1242 3831 suae
1276 3751 1618 3849 monumenta,
1677 3731 1775 3832 suae
1815 3795 1819 3802 -

538 3901 700 4030 gioriae
750 3875 857 3996 non
913 3913 1130 4041 tantnm,
1172 3922 1371 3994 ¹vorum
1435 3895 1576 3994 etiarn
1627 3898 1775 3996 nostri

540 4061 788 4166 eonnnodi
820 4081 987 4186 ,atque
1036 4059 1373 4160 oblettamenti
1421 4085 1535 4188 ergo
1579 4079 1775 4181 creata,

542 4254 604 4323 eo
643 4223 933 4352 potiffimum
971 4224 1141 4324 colore
1181 4223 1433 4342 imbuiffe,
1491 4227 1608 4352 qui,
1658 4229 1773 4327 dum
1837 4243 1843 4254 ·

541 4387 698 4490 oculis
734 4389 903 4498 nostris
933 4389 1000 4490 e'st
1035 4386 1338 4518 gratiffimus,
1372 4387 1520 4518 ipsam
1553 4390 1695 4511 etiam
1722 4391 1774 4488 il·

541 4593 543 4598 ·
878 4619 881 4626 ·
1148 4553 1189 4660 F
1705 4555 1774 4655 lo·
