5292 6392
881 917 943 1010 aa
1002 883 1431 990 ALEXANDRl
1454 885 1664 991 PETRI
1684 886 1986 989 'NAHUYS

876 1162 939 1258 ad
956 1159 1175 1287 sponsam
1202 1159 1336 1286 quafi
1363 1162 1652 1289 appellitur,
1682 1189 1894 1288 eamque
1910 1157 2111 1262 fuetifico

876 1322 965 1422 luo
1000 1326 1186 1452 polline
1221 1328 1343 1425 beat
1410 1418 1417 1430 .

953 1488 1076 1616 Quis
1094 1489 1260 1616 igitur,
1297 1493 1384 1618 qui
1404 1494 1561 1594 varios
1581 1494 1702 1611 hos,
1738 1491 1916 1619 quibus
1934 1490 2113 1590 Plantae

874 1653 1197 1779 concipiunt,
1244 1659 1456 1778 m0d0s2
1486 1657 1678 1783 (neque
1710 1654 2010 1756 trs-difficile
2047 1687 2116 1756 es·
2168 1741 2179 1759 .

880 1819 949 1918 set
986 1821 1162 1920 addere
1197 1821 1338 1918 etiam
1369 1822 1565 1947 planes)
1597 1821 1684 1939 ea,
1731 1850 1829 1948 qua
1863 1824 2037 1940 decet,
2072 1850 2116 1918 a·
2245 1841 2249 1850 ’

874 1987 999 2108 nimi
1038 1983 1308 2132 intentione
1342 1985 1696 2112 perpenderit,
1751 1989 1858 2085 nun
1893 2009 2119 2113 agnoscat

875 2152 961 2250 hic
1007 2148 1059 2253 &
1101 2149 1301 2252 miretur
1343 2149 1733 2250 Gubematorern
1768 2138 1827 2255 ’ὅτ
1858 2153 1905 2253 T
1908 2181 2119 2281 empera-

875 2289 1036 2414 rorem
1077 2314 1272 2432 Deum;
1322 2313 1446 2441 Quis
1477 2318 1600 2414 adeo
1633 2315 1847 2442 perversi
1873 2314 1933 2420 1&
1965 2317 2155 2416 infeli.

877 2481 951 2580 cis
985 2477 1041 2576 fit
1073 2475 1277 2604 ingenii,
1313 2498 1396 2598 ut,
1424 2479 1551 2576 dum
1583 2479 1636 2576 in
1666 2478 1892 2578 fimilibus
1925 2484 2121 2612 insuper

873 2644 1061 2744 'Plautia
1101 2641 1301 2742 firnflem
1341 2643 1564 2744 observet
1585 2647 1891 2763 ‘procreandi
1929 2648 2119 2770 legem,

879 2811 943 2907 ad
973 2801 1215 2924 Fatalem,
1252 2799 1305 2905 &
1331 2802 1475 2902 -omni
1503 2802 1816 2931 intelligentia
1853 2805 2142 2909 destitutam.

716 3069 720 3076 ,
881 2971 1132 3101 confugiat
1181 2967 1421 3087 Causam!
1492 2966 1675 3068 Nullus
1731 2969 1958 3072 Vestrum
2017 2975 2120 3098 est,

880 3139 998 3240 ΑΑ.
1034 3135 1180 3254 Hll',
1216 3138 1355 3260 quud
1395 3154 1530 3233 certo
1568 3133 1793 3256 confido,
1829 3138 1917 3265 qui
1952 3141 2025 3239 uti
2059 3145 2121 3243 de

880 3301 1118 3426 reliquia,
1188 3295 1253 3394 fic
1298 3295 1452 3400 &de
1500 3298 1576 3398 his
1616 3299 1826 3424 supremi
1876 3301 2121 3404 Creatoris
2169 3321 2193 3340 “

882 3463 1121 3595 operibus¹
1145 3489 1249 3563 non
1288 3489 1402 3563 cum
1438 3460 1633 3562 Davide
1659 3463 1800 3590 Rege
1829 3467 2122 3569 exclamare

881 3631 965 3727 n't:
1039 3633 1116 3732 O!
1176 3657 1319 3755 quam
1351 3629 1513 3750 multa.
1526 3629 1645 3755 sunt
1678 3647 1819 3756 opera
1862 3652 1985 3757 tua,
2040 3642 2123 3763 qui

882 3799 1048 3896 cunila
1070 3798 1314 3925 sapienter
1339 3792 1518 3925 ficijlil
1993 3915 1998 3922 ¹

951 3961 1132 4090 Neque
1162 3965 1301 4062 aliam
1335 3962 1609 4092 singulares
1629 3964 1975 4070 nonnullarum
2002 3972 2122 4068 Her·

824 4125 1051 4224 'barum
1087 4127 1281 4248 Datus,
1510 4127 1746 4249 divinam,
1784 4151 1990 4260 arguunt
2031 4133 2123 4232 ori·

883 4287 1058 4421 ginem.
1145 4153 1783 4420 Quaeffiechaniea
1826 4297 1906 4396 vel
1950 4297 2124 4398 Fatalis

1821 4601 1828 4614 ι
1969 4459 2125 4567 Causa
2320 4464 2482 4562 .'
