5292 6392
826 947 1457 1052 O-RATIO.
1690 953 1923 1078 5'5·

519 1217 935 1338 SUAVISSIMI!
969 1221 1203 1322 nosti-ain
1223 1221 1471 1350 posterum
1491 1250 1635 1342 cim,
1667 1250 1757 1326 no·

518 1389 624 1488 strae
664 1387 863 1486 deliciae.
943 1387 1126 1488 Vestris
1161 1391 1459 1506 commodo,
1491 1389 1677 1488 Vestroe
1698 1420 1755 1488 u·

519 1554 674 1652 tilitati
702 1573 759 1651 ut
793 1549 1023 1670 serviam,
1084 1557 1281 1653 aliunde
1312 1557 1374 1652 ad
1411 1556 1541 1653 hanc
1583 1581 1756 1652 evoco

520 1743 597 1820 tus
640 1717 979 1836 Academiam,
1030 1715 1083 1820 dc
1121 1721 1253 1845 gravi
1291 1721 1505 1820 docendi
1539 1719 1755 1820 Munere

517 1903 718 1984 ornatus
764 1881 882 1979 sum
986 1881 1207 1978 Maximo
1252 1883 1396 2008 igitur
1444 1913 1559 1984 cum
1608 1879 1756 1980 animi

517 2047 696 2177 gaudio
745 2042 799 2146 oz
845 2046 1098 2172 voluptate
1143 2075 1222 2144 me
1271 2048 1435 2147 Vobis
1471 2045 1754 2172 vestrisque

517 2213 684 2314 studiis
711 2213 896 2312 sacrum
926 2212 1078 2332 volo,
1124 2209 1177 2314 dc
1205 2213 1258 2312 in
1286 2213 1534 2342 praecipua
1565 2183 1754 2340 semper

516 2365 753 2480 felicitotis
798 2405 918 2476 meae
964 2399 1101 2505 parte
1150 2401 1459 2506 reputaturus
1488 2379 1658 2498 ium,
1715 2377 1755 2478 fi

515 2550 577 2644 ad
611 2546 883 2668 progreffus
918 2543 1120 2644 Vestros
1155 2545 1340 2671 aliquid
1375 2544 1643 2666 conferre,
1693 2567 1769 2642 ac·

516 2731 688 2808 recem
724 2699 887 2798 adhuc
923 2693 976 2797 &
1007 2699 1254 2813 crudum‚·
1292 2701 1431 2821 quod
1464 2699 1627 2808 Vobis
1656 2709 1755 2797 illa·

518 2895 625 2974 tum
662 2865 788 2985 fuit,
831 2859 1021 2961 vulnus·
1048 2860 1366 2986 aliquomodo
1400 2859 1571 2988 poffim
1601 2864 1771 2964 lenioe·

518 3035 572 3142 δι
612 3028 957 3159 conglutinare.
1026 3025 1084 3124 Id
1117 3025 1280 3126 saltem
1320 3027 1483 3148 omni,
1517 3055 1614 3156 qua
1642 3061 1755 3160 pos·

516 3202 634 3320 sun,
685 3193 861 3294 mentis
901 3189 1179 3292 intentione·
1214 3193 1473 3312 laborab0‚
1532 3219 1589 3294 ut
1631 3197 1754 3297 nihil

515 3369 733 3491 linquam
762 3334 1050 3460 intentatuin
1065 3427 1087 3478 ,-
1132 3387 1236 3486 quo
1271 3360 1381 3458 Vos
1411 3357 1591 3488 poffitis
1619 3362 1755 3486 juva·

516 3533 598 3648 ri,
664 3525 945 3649 Vestrisque
995 3522 1207 3650 prospici
1249 3522 1391 3650 poffit
1442 3531 1750 3652 commodis3

514 3695 679 3798 Modo
719 3685 927 3812 experiri
957 3683 1076 3784 mihi
1118 3685 1287 3807 liceat,
1337 3687 1526 3789 labores
1560 3692 1751 3796 nostros
1892 3794 1896 3808 ,

520 3857 675 3960 Vobis
720 3877 885 3978 neque
935 3851 1144 3982 ingratos
1191 3851 1356 3982 plane·
1390 3857 1519 3976 eise,
1586 3887 1751 3984 neque

518 4026 726 4125 inutiles.
828 4016 944 4118 Hoc
987 4015 1117 4114 enim
1161 4019 1443 4144 comperiiie
1491 4023 1751 4123 maximum
1832 4007 1837 4018 ’

517 4188 638 4291 mihi
673 4186 816 4286 addet
855 4182 1036 4302 calcar,
1104 4175 1157 4280 dt
1190 4179 1410 4308 impensi.
1431 4181 1605 4284 laboris
1643 4191 1748 4286 dul·

519 4347 750 4457 dffimum
764 4423 800 4470 ,.
848 4345 1032 4448 finon
1073 4345 1307 4473 unicum,
1376 4350 1518 4476 quod¹
1551 4352 1749 4477 quidem

734 4580 757 4654 x,
975 4629 978 4641 .
1657 4535 1771 4640 εἷθ’
