5292 6392
812 949 1440 1104 oanrro
1684 1035 1750 1129 23

409 1222 413 1234 ⁸
516 1270 636 1366 tium
674 1266 860 1364 illarum
895 1267 1226 1369 distributione
1260 1293 1482 1410 occurrat
1514 1277 1753 1416 universa

347 1485 351 1496 ·
515 1459 624 1531 rum
659 1431 931 1530 Plantarum
967 1434 1197 1554 varietata,
1246 1459 1303 1535 ut
1336 1440 1614 1560 interdum,
1657 1442 1754 1568 pn'·

515 1627 592 1698 ma
629 1596 827 1723 quidem
856 1595 1044 1719 fronte,
1080 1627 1184 1699 non
1217 1602 1369 1702 statim
1401 1624 1626 1730 appareat
1651 1635 1755 1705 mo

356 1892 360 1900 ,
453 1886 461 1908 „
517 1767 607 1866 dus
629 1839 648 1902 ‚v
692 1791 794 1890 quo
839 1762 1012 1862 Pollen
1056 1763 1234 1892 Stigma
1273 1767 1502 1896 attingam
1548 1768 1755 1896 singulas

515 1951 675 2030 tamen
715 1929 980 2024 accuratius
1014 1932 1361 2046 examinando,
1409 1935 1613 2030 eandem
1654 1935 1754 2060 pla·

515 2123 579 2192 ne
610 2090 662 2186 in
686 2089 870 2188 receffu
889 2090 1325 2192 -animadvertimus
1352 2093 1560 2218 paruum
1592 2096 1755 2222 dispo
1861 2107 1864 2120 '
1926 2140 1930 2147 ⁴

513 2258 759 2376 fitionem,
795 2283 940 2381 quam
959 2255 1215 2384 cogitando
1238 2257 1586 2392 praecepimus‚
1622 2289 1755 2386 quae-

327 2415 331 2430 '
514 2453 612 2552 que
643 2425 854 2526 divinam
884 2420 1241 2518 Providentiam
1275 2419 1369 2519 effe
1405 2423 1576 2521 clamat
1616 2423 1754 2524 Plan·

513 2612 668 2692 tarum
703 2587 958 2687 Fictricem
988 2581 1041 2688 &
1066 2585 1444 2686 Moderatricem
1476 2589 1684 2691 unicam.

584 2756 643 2846 In
672 2753 764 2842 illis
798 2752 928 2840 enim
946 2751 1167 2858 Planus,
1215 2777 1325 2863 quae
1357 2752 1566 2840 Stamina
1595 2751 1648 2846 &
1680 2753 1756 2849 Pi·

182 3052 188 3070 ·
334 2889 338 2898 ⁴
515 2907 732 3014 stillum
719 2933 771 3004 1n
800 2904 975 3002 eodem
1006 2901 1129 3002 flore
1158 2903 1364 3022 habent,
1399 2901 1502 3004 (it
1487 2925 1551 3002 tta
1570 2909 1755 3033 potita,

516 3099 571 3178 ut
607 3073 842 3175 Antherae
869 3066 1034 3168 Pistilli
1060 3068 1284 3196 Stigmate
1312 3067 1636 3223 superiorem,
1670 3076 1754 3174 vel
1820 3139 1826 3150 -

515 3247 672 3344 eidem
706 3237 941 3362 aequalem
977 3253 1225 3362 occupent
1264 3235 1463 3355 locum,
1506 3267 1585 3337 res
1615 3239 1754 3340 intei

513 3413 644 3508 tectu
675 3401 827 3502 facilis
865 3399 965 3520 est,
1016 3397 1305 3498 foecundum
1338 3399 1469 3497 enim
1497 3430 1559 3500 ex
1587 3404 1756 3502 anthe·

347 3615 350 3622 ⁴
512 3576 575 3672 ris
619 3569 833 3714 entilium
873 3565 1047 3663 Pollen
1095 3564 1291 3692 propria
1337 3565 1565 3690 gravitate
1611 3570 1753 3665 deor·

512 3741 646 3858 sum,
680 3736 762 3834 vel
803 3727 856 3830 &
892 3749 1153 3826 ventorum
1189 3729 1240 3828 vi
1281 3730 1343 3825 ad
1378 3730 1523 3828 latera
1550 3732 1752 3856 propul-

513 3905 653 4020 sum,
724 3891 986 4014 subjeetum
1023 3889 1108 3988 fibi
1139 3911 1221 3988 aut
1260 3892 1484 4014 proxime
1527 3892 1752 4015 adjacens

515 4069 691 4196 Stigma
728 4057 871 4159 facile
905 4055 1164 4184 attingere,
1202 4051 1262 4156 ·&
1301 4051 1406 4153 satis
1440 4027 1604 4184 large,
1651 4085 1749 4186 pro

514 4231 707 4350 summa,
720 4222 1060 4353 particularum
1096 4219 1284 4318 suarum
1318 4219 1490 4344 copia,
1524 4222 1749 4349 consper.

515 4421 629 4524 gere
668 4389 855 4516 potest,
891 4389 1038 4513 idque
1077 4383 1218 4482 etiam
1254 4379 1544 4504 faciliuS‚fi
1583 4386 1750 4485 Stami-

1274 4581 1277 4588 ’
1682 4575 1751 4648 na
