5292 6392
882 1027 945 1112 2'2
1008 956 1425 1114 anaxanom
1458 1013 1668 1124 parm
1700 960 1991 1137 rinnon
2095 1156 2098 1162 ,

878 1284 988 1382 dam
1019 1283 1323 1385 Naturalium
1354 1271 1579 1419 effingere
1612 1291 1665 1396 δι
1688 1299 1892 1403 statuere
1921 1313 2115 1414 noverit

876 1451 1306 1572 convenientiam,
1377 1475 1470 1576 ut,
1538 1458 1685 1588 longe
1727 1465 1842 1564 licet
1886 1472 2113 1599 diverso,

879 1631 1117 1737 quantum
1157 1615 1217 1712 ad
1255 1617 1481 1719 effessum
1524 1644 1684 1723 tamen
1719 1627 1856 1730 slmili
1894 1641 2115 1764 prorsus,

873 1779 1025 1874 inodo
1045 1781 1394 1903 procreationis
1409 1782 1612 1912 scopum
1637 1792 1968 1922 exsequantur.
2015 1810 2118 1910 Ad·

875 1939 1140 2039 mirabilem
1172 1939 1282 2038 sane
1320 1944 1428 2062 hic,
1474 1947 1527 2046 &
1566 1953 1714 2053 nuilis
1750 1960 1977 2066 limitibus
2029 1973 2117 2071 cir·

875 2104 1211 2231 cumscriptam
1251 2102 1345 2203 suis
1390 2110 1522 2232 quast
1562 2117 1766 2246 vestigiis
1813 2128 2115 2255 deprehendi

873 2265 1131 2382 Mentem,
1167 2287 1313 2392 atque
1344 2272 1555 2374 divinam
1586 2285 1790 2385 omnino
1819 2300 2114 2424 potentiam,
2174 2294 2178 2302 ’

875 2455 988 2550 quae
1021 2426 1252 2554 insignem
1281 2430 1442 2553 illam,
1480 2435 1532 2536 &
1564 2440 1749 2542 infinita
1777 2451 2003 2576 sapientia
2036 2465 2115 2566 ex'·

874 2589 1161 2716 cogitatam,
1198 2621 1359 2694 creare
1395 2593 1449 2698 δι
1485 2579 1686 2704 stabilire
1715 2620 1930 2734 potuerit
1962 2624 2116 2730 srmili-

874 2753 1121 2870 tudinem,
1158 2761 1322 2852 nullus
1345 2761 1598 2880 Vestrum,
1634 2769 1750 2866 AA.
1784 2775 1929 2910 HH„
1974 2783 2115 2889 indu·

874 2916 1008 3014 bium
1035 2917 1294 3016 revocabit.

944 3077 1044 3177 Sed
1074 3105 1179 3178 non
1213 3081 1399 3180 minora
1432 3086 1700 3192 divinarum
1737 3101 1970 3210 virtutum
2013 3145 2114 3218 mo

875 3262 1110 3344 numenta
1145 3244 1448 3371 detegam,
1509 3249 1544 3347 fi
1581 3259 1641 3355 ad
1676 3265 1854 3364 variam
1885 3273 1938 3369 in
1974 3285 2112 3382 variis

877 3403 1056 3503 Plantis
1089 3404 1299 3506 Panium
1328 3411 1625 3514 Genitalium
1659 3426 2030 3537 collocationem
2053 3465 2115 3543 at·
2197 3521 2215 3546 ,

878 3571 1145 3670 tendamus.
1215 3571 1309 3698 Ipsr
1346 3576 1500 3698 enim,
1536 3577 1571 3678 s1
1602 3581 1810 3710 speeiem
1844 3596 2031 3702 iliarum
2061 3603 2114 3710 ot

879 3731 1083 3832 sormam
1123 3756 1261 3836 antea
1291 3741 1345 3838 in
1381 3742 1543 3844 animo
1585 3752 1906 3885 adumbretis,
1962 3771 2115 3896 ·AA.,

881 3925 987 3997 eam
1034 3922 1170 4038 ‘certe
1220 3902 1409 4033 fingetis
1455 3915 1661 4038 partium
1717 3923 2115 4057 dispositionem,

883 4089 979 4186 qua
1010 4059 1183 4165 Pollen
1205 4066 1489 4190 foetifieum,
1526 4107 1589 4172 ex
1613 4084 1846 4185 Antheris
1872 4099 2115 4222 emissum,

883 4226 945 4321 ad
981 4229 1158 4356 Stigma
1184 4229 1326 4331 faeiie
1362 4239 1617 4364 applicari,
1663 4245 1848 4372 ipsrque
1880 4253 2115 4365 inhaerere
2241 4317 2245 4322 ·

843 4413 845 4418 ·
881 4385 1037 4517 poffit.
1098 4393 1204 4518 Jam
1235 4421 1384 4516 ver0,
1420 4401 1638 4525 quamvis
1671 4429 1798 4512 tanta
1829 4415 1912 4519 hic
1935 4421 1987 4521 in
2011 4457 2116 4553 par·

1993 4590 2114 4690 tium
