5292 6392
879 1001 933 1096 18
1007 987 1424 1097 ALEXANDRI
1456 990 1664 1094 PETRI
1697 991 1987 1095 NAHUYS

868 1291 1073 1380 nonen
1115 1262 1191 1360 his
1239 1261 1504 1378 rationibus
1548 1263 1772 1364 omnibus
1814 1263 1941 1363 effici
1979 1269 2109 1382 reete

870 1426 922 1532 δι
956 1427 1119 1552 colligi
1155 1426 1455 1526 confiteatur.
1995 1449 1999 1456 ·

937 1593 988 1691 Si
1010 1592 1062 1690 in
1081 1588 1307 1690 fabricam
1328 1619 1479 1717 pono
1503 1587 1775 1692 Plantarum
1797 1592 2109 1720 iuquin'mus‚
2139 1682 2142 1691 ,

869 1754 922 1858 &
956 1755 1252 1860 Anatomico
1284 1756 1443 1853 cultro
1485 1754 1606 1882 ipsas
1642 1757 1857 1875 Plantas,
1906 1785 2106 1856 earum-

785 1917 794 1940 '
869 1951 968 2048 que
1012 1941 1170 2048 partes
1215 1919 1530 2038 subjicimus,
1596 1920 1632 2016 s1
1676 1943 1855 2018 armato
1891 1923 2112 2048 inprimis
2209 1988 2212 1992 ι

869 2088 1019 2189 oculo
1060 2083 1383 2193 admirandam
1418 2107 1582 2185 eantm
1616 2082 1896 2196 (numnam
1936 2089 2111 2184 exami.
2185 2085 2212 2124 ι’

868 2279 1067 2365 namus,
1101 2267 1206 2345 tum
1235 2244 1345 2344 sane
1376 2273 1483 2344 non
1513 2247 1696 2348 leviora
1729 2246 2020 2392 offendimus
2041 2281 2110 2352 ar·

872 2429 1100 2541 gumenta
1118 2459 1153 2529 ,·
1203 2406 1382 2530 quibus
1427 2407 1810 2531 sapientiffimtmt
1850 2411 1903 2514 δι
1936 2435 2113 2542 poten·
2231 2427 2236 2434 ’

872 2573 1094 2676 tissimum
1132 2572 1310 2670 horum
1358 2571 1577 2670 omnium
1617 2569 1900 2673 Creatorem
1940 2577 2111 2680 Deum

875 2741 969 2840 effe
1010 2733 1277 2860 plenissime
1320 2735 1673 2842 COUVissCimul'.
1757 2737 1935 2834 Fateor
1976 2742 2112 2863 equi.

874 2905 1017 3020 dem,
1062 2897 1211 2996 multa
1243 2893 1328 2994 hic
1357 2894 1540 2992 incerta
1582 2885 1635 2994 &
1670 2915 1768 2996 atra
1800 2899 1932 3024 quasi
1973 2907 2110 3004 nube

875 3067 1084 3168 obdutia
1112 3062 1320 3177 latitant,
1357 3085 1469 3182 quae
1507 3059 1656 3158 serior
1684 3082 1795 3162 aetas
1824 3060 1876 3166 δι
1905 3067 2113 3189 indefeo

876 3233 954 3330 sus
986 3229 1242 3354 Nepotum
1273 3223 1410 3337 labor
1436 3222 1488 3320 in
1509 3224 1726 3349 apricum
1757 3225 1916 3330 forsan
1953 3239 2112 3359 prola.
2188 3263 2191 3268 ·

703 3476 708 3489 .
877 3415 1014 3494 turus
1060 3387 1142 3504 fit,
1191 3414 1364 3490 verum
1399 3387 1556 3514 ipsum
1588 3387 1743 3508 illud,
1791 3395 1928 3517 quod
1965 3399 2113 3500 toties

752 3527 762 3646 s
877 3561 961 3664 hic
992 3559 1182 3659 donam
1212 3551 1432 3654 confiteri
1462 3553 1776 3682 ignorantiam
1800 3584 1893 3656 nos
1914 3565 2112 3662 coaetos

878 3723 1163 3842 anianus,
1198 3716 1489 3820 clarissimam
1520 3717 1791 3847 suppeditat
1821 3725 2110 3826 demonstia-

878 3893 1100 4008 tionem,
1154 3915 1251 4012 qua
1296 3887 1358 3986 ad
1396 3883 1580 3984 firmam
1620 3886 1686 3986 de
1727 3887 1891 4001 divina
1924 3889 2112 3994 Planta·

879 4085 985 4154 rum
1022 4053 1204 4180 origine
1244 4052 1529 4178 opinionem
1571 4051 1805 4151 ducamur
1835 4074 1985 4178 atque
2020 4077 2111 4152 tra·

878 4223 1060 4324 hamur.
1130 4215 1186 4316 In
1221 4207 1326 4342 quo
1364 4232 1646 4343 argumento
1674 4212 1748 4316 vis
1787 4233 1922 4314 tanto
1958 4216 2111 4342 major

757 4439 760 4442 ·
878 4381 1022 4486 ineffe
1059 4379 1296 4480 censenda
1323 4379 1414 4496 est,
1450 4398 1661 4502 quanto,
1696 4405 1807 4502 quae
1832 4381 1895 4482 de
1925 4379 2105 4484 Plantis

1974 4567 2114 4648 certo

2444 1337 2464 1369 ⁴
