5292 6392
892 975 975 1120 qr
1048 885 1467 1076 mortomar
1497 954 1707 1074 eorm
1737 951 2027 1075 minois

893 1273 1223 1348 communem
1263 1244 1548 1348 Creatorem
1562 1237 1763 1358 'munros
1795 1247 2032 1367 evehere,
2092 1247 2146 1352 &

893 1440 1003 1512 nos
1045 1443 1107 1511 eo
1136 1413 1386 1538 impellere
1422 1412 1807 1550 debuiffent2ut
1834 1440 1929 1538 pro
1960 1432 2035 1512 tot
2063 1413 2147 1511 im·

894 1575 1089 1674 meritis
1141 1577 1193 1674 in
1241 1577 1437 1677 miseros
1482 1577 1718 1676 Mortales
1759 1573 2004 1675 beneficiis
2044 1572 2147 1705 pias

893 1767 1158 1868 ageremus
1190 1762 1372 1868 grates,
1413 1740 1498 1840 sed
1536 1741 1708 1868 saepius
1744 1741 1885 1840 etiam
1923 1742 2041 1840 huic
2079 1744 2151 1870 ip·

912 1904 1007 2004 fius
1042 1904 1144 2000 fere
1185 1904 1386 2001 Naturae
1428 1905 1754 2004 exhortationi
1799 1906 1973 2004 oculos
2007 1909 2149 2008 nobIs

896 2069 1198 2194 animosque
1222 2063 1362 2166 fuille
1385 2067 1674 2194 praeclusos,
1709 2065 1745 2166 li
1769 2069 1911 2170 nobis
1933 2070 2021 2198 ipsr
2045 2096 2150 2174 non

911 2235 1054 2334 nimis
1084 2233 1387 2360 placeamus,
1455 2234 1586 2332 ultro
1625 2231 1978 2335 confitebimur.
2082 2236 2152 2336 lta

913 2398 1091 2502 scilicet
1124 2417 1401 2522 comparata
1437 2396 1506 2494 est
1535 2399 1762 2496 Hominis
1794 2419 1997 2522 natura,
2054 2421 2151 2500 tam

915 2562 1077 2663 sumus
1113 2588 1314 2678 omnes,
1350 2581 1599 2688 quotquot
1629 2561 1862 2682 vivimus,
1897 2564 1953 2659 in
1983 2563 2152 2664 Deum

899 2728 1111 2854 ingrati,
1143 2745 1227 2836 ut,
1263 2747 1375 2840 quae
1408 2725 1628 2840 quotidie
1668 2739 1779 2813 ante
1809 2727 1983 2817 oculos
2010 2724 2151 2821 habe·

914 2919 1023 2991 mus
1053 2882 1231 2986 divinae
1268 2879 1493 2981 bonitatis
1526 2901 1868 3002 monumenta,
1913 2903 1999 3005 ut,
2048 2887 2153 3012 qui·

901 3059 1007 3156 -bus
1048 3047 1240 3177 lingulis
1283 3046 1453 3146 diebus
1496 3047 1625 3146 laute
1676 3046 1911 3168 fruimur,
1981 3049 2153 3178 optimi

902 3213 1164 3318 ..Creatoris
1189 3208 1423 3308 beneficia
1452 3210 1536 3308 vix
1571 3231 1784 3312 mentem
1815 3213 2025 3316 nostram
2054 3238 2153 3318 tan·

785 3485 798 3510 ,
905 3399 1053 3512 gant,
1104 3395 1186 3474 aut
1215 3395 1580 3493 commoveant,
1626 3374 1714 3470 nisr
1749 3375 1894 3518 ipsius
1926 3377 2025 3474 Dei
2056 3405 2153 3506 gra.
2319 3455 2323 3461 ⁴

917 3547 1006 3668 tia,
1056 3562 1201 3670 atque
1232 3540 1354 3638 adeo
1391 3564 1529 3638 novo
1562 3531 1790 3662 &plane
1824 3538 2044 3668 smgulari
2079 3543 2153 3643 sti·

921 3711 1070 3810 mulo·
1087 3709 1148 3810 ad
1172 3709 1300 3807 bona
1325 3705 1433 3804 haec
1461 3732 1524 3803 ex
1555 3701 1754 3803 veritate
1777 3702 2047 3806 aestimanda
2067 3710 2154 3809 eri

920 3903 1085 4007 garnur
1116 3871 1168 3977 δε
1203 3871 1518 3974 concitemur.

988 4042 1064 4142 ot
1115 4042 1299 4146 utinam
1337 4040 1446 4138 haec
1485 4017 1740 4157 omnium,
1790 4058 2036 4165 quotquot
2070 4037 2153 4139 hic

872 4291 876 4298 .
923 4205 1175 4328 adsumus,
1209 4203 1537 4312 Auditorum!
1574 4201 1644 4302 Ol
1680 4201 1863 4301 utinam
1890 4201 1999 4301 haec
2019 4229 2152 4323 mea,

921 4366 1200 4494 velhaque,
1262 4368 1634 4472 Commilitones
1675 4365 1882 4494 optimi,
1932 4369 2018 4496 qui
2056 4395 2152 4466 me·

2039 4558 2152 4635 cum
